<record><leader>00000cas a22000007a 4500</leader><controlfield tag="001">12204539</controlfield><controlfield tag="008">850627d18091810ohuwr ne      0    0eng d</controlfield><datafield ind1=" " ind2=" " tag="010"><subfield code="a">sn 85026403 </subfield></datafield><datafield ind1=" " ind2=" " tag="040"><subfield code="a">NPX</subfield><subfield code="b">eng</subfield><subfield code="c">NPX</subfield><subfield code="d">OCLCQ</subfield><subfield code="d">DLC</subfield><subfield code="d">OCLCG</subfield><subfield code="d">OCLCQ</subfield><subfield code="d">OCLCO</subfield></datafield><datafield ind1="1" ind2=" " tag="029"><subfield code="a">AU@</subfield><subfield code="b">000026395414</subfield></datafield><datafield ind1=" " ind2=" " tag="042"><subfield code="a">msc</subfield></datafield><datafield ind1="0" ind2=" " tag="130"><subfield code="a">Muskingum messenger (Zanesville, Ohio : 1809)</subfield></datafield><datafield ind1="1" ind2="0" tag="245"><subfield code="a">Muskingum messenger.</subfield></datafield><datafield ind1=" " ind2=" " tag="260"><subfield code="a">Zanesville [Ohio] :</subfield><subfield code="b">White, Sawyer &amp; Co.,</subfield><subfield code="c">-1810.</subfield></datafield><datafield ind1=" " ind2=" " tag="300"><subfield code="a">v.</subfield></datafield><datafield ind1=" " ind2=" " tag="310"><subfield code="a">Weekly</subfield></datafield><datafield ind1="0" ind2=" " tag="362"><subfield code="a">-v. 1, no. 52 (Dec. 1, 1810).</subfield></datafield><datafield ind1="1" ind2=" " tag="362"><subfield code="a">Began with Nov. 18, 1809 issue.</subfield><subfield code="z">Cf. Brigham, C.S. Amer. newspapers.</subfield></datafield><datafield ind1=" " ind2=" " tag="500"><subfield code="a">Publishers: White, Sawyer &amp; Co., &lt;1810&gt;; White &amp; Sawyer, 1810.</subfield></datafield><datafield ind1=" " ind2=" " tag="500"><subfield code="a">References: Shaw &amp; Shoemaker 18161; Brigham, C.S. Amer. newspapers, p. 822.</subfield></datafield><datafield ind1=" " ind2=" " tag="588"><subfield code="a">Description based on: Vol. 1, no. 8 (Jan. 6, 1810).</subfield></datafield><datafield ind1="1" ind2=" " tag="700"><subfield code="a">White, Joseph Wilkinson,</subfield><subfield code="d">1788-1869.</subfield></datafield><datafield ind1="1" ind2=" " tag="700"><subfield code="a">Sawyer, Porter.</subfield></datafield><datafield ind1=" " ind2=" " tag="752"><subfield code="a">United States</subfield><subfield code="b">Ohio</subfield><subfield code="c">Muskingum</subfield><subfield code="d">Zanesville.</subfield></datafield><datafield ind1="0" ind2="0" tag="785"><subfield code="t">Muskingum mesenger and Ohio intelligencer</subfield><subfield code="w">(DLC)sn 84024193</subfield></datafield></record>